% This file was created with Citavi 6.8.0.0

@misc{Google.2021,
 author = {{Google Trends}},
 date = {2021},
 title = {Google Trends: 'gold price', 2004-2021},
 url = {https://trends.google.com/trends/explore?date=all&geo=US&q=gold%20price},
 urldate = {19.06.2021}
}


@misc{ICEBenchmarkAdministrationLimited.,
 abstract = {Graph and download economic data for Gold Fixing Price 3:00 P.M. (London time) in London Bullion Market, based in U.S. Dollars (GOLDPMGBD228NLBM) from 1968-04-01 to 2021-06-18 about gold, London, fixed, commodities, price, and USA.},
 author = {{ICE Benchmark Administration Limited}},
 date = {2021},
 title = {Gold Fixing Price 3:00 P.M. (London time) in London Bullion Market, based in U.S. Dollars},
 url = {https://fred.stlouisfed.org/series/GOLDPMGBD228NLBM\#0},
 editor = {{Federal Reserve Bank of St. Louis}}
}

% This file was created with Citavi 6.8.0.0

@article{Desk.24062016,
 abstract = {The price of gold on Friday morning went up to Rs 31,708 per 10 grams which is the maximum it has reached since September 2013.},
 author = {{The Indian Express}},
 year = {24/06/2016},
 title = {Past instances when gold prices skyrocketed in India},
 url = {https://indianexpress.com/article/business/commodities/past-instances-when-gold-prices-skyrocketed-in-india-2872995/},
 urldate = {19/06/2021},
 journal = {The Indian Express},
 file = {Desk 24 06 2016 - Past instances when gold prices:C\:\\Users\\samue\\Documents\\Citavi 6\\Projects\\Gold\\Citavi Attachments\\Desk 24 06 2016 - Past instances when gold prices.pdf:pdf}
}





